<collection xmlns="http://www.loc.gov/MARC21/slim">
   <record>
      <leader>03601cam a2200325 i 45 0</leader>
      <controlfield tag="001">6774697</controlfield>
      <controlfield tag="008">150112t20152015         b    000 0 eng d</controlfield>
      <datafield ind1=" " ind2=" " tag="020">
         <subfield code="a">9789462099210</subfield>
      </datafield>
      <datafield ind1=" " ind2=" " tag="035">
         <subfield code="a">ocn902869774</subfield>
      </datafield>
      <datafield ind1=" " ind2=" " tag="040">
         <subfield code="a">AEVC</subfield>
         <subfield code="b">eng</subfield>
         <subfield code="e">rda</subfield>
         <subfield code="c">AEVC</subfield>
      </datafield>
      <datafield ind1=" " ind2=" " tag="090">
         <subfield code="a">371.9046 HAS</subfield>
         <subfield code="b">AEVC</subfield>
      </datafield>
      <datafield ind1="1" ind2=" " tag="100">
         <subfield code="a">Hassanein, Elsayed Elshabrawy Ahmad,</subfield>
         <subfield code="e">author</subfield>
      </datafield>
      <datafield ind1=" " ind2=" " tag="245">
         <subfield code="a">Inclusion, disability and culture /</subfield>
         <subfield code="c">Elsayed Elshabrawy Ahmad Hassanein.</subfield>
      </datafield>
      <datafield ind1=" " ind2="1" tag="264">
         <subfield code="a">Rotterdam :</subfield>
         <subfield code="b">SensePublishers,</subfield>
         <subfield code="c">[2015]</subfield>
      </datafield>
      <datafield ind1=" " ind2="4" tag="264">
         <subfield code="c">©2015</subfield>
      </datafield>
      <datafield ind1=" " ind2=" " tag="300">
         <subfield code="a">vi, 211 pages :</subfield>
         <subfield code="b">illustrations ;</subfield>
         <subfield code="c">24 cm</subfield>
      </datafield>
      <datafield ind1=" " ind2=" " tag="336">
         <subfield code="a">text</subfield>
         <subfield code="b">txt</subfield>
         <subfield code="2">rdacontent</subfield>
         <subfield code="0">http://id.loc.gov/vocabulary/contentTypes/txt</subfield>
      </datafield>
      <datafield ind1=" " ind2=" " tag="337">
         <subfield code="a">unmediated</subfield>
         <subfield code="b">n</subfield>
         <subfield code="2">rdamedia</subfield>
         <subfield code="0">http://id.loc.gov/vocabulary/mediaTypes/n</subfield>
      </datafield>
      <datafield ind1=" " ind2=" " tag="338">
         <subfield code="a">volume</subfield>
         <subfield code="b">nc</subfield>
         <subfield code="2">rdacarrier</subfield>
         <subfield code="0">http://id.loc.gov/vocabulary/carriers/nc</subfield>
      </datafield>
      <datafield ind1="1" ind2=" " tag="490">
         <subfield code="a">Studies in inclusive education ;</subfield>
         <subfield code="v">v. 28</subfield>
      </datafield>
      <datafield ind1=" " ind2=" " tag="504">
         <subfield code="a">Includes bibliographical references.</subfield>
      </datafield>
      <datafield ind1=" " ind2=" " tag="520">
         <subfield code="a">This book examines some theoretical and empirical aspects about complexities of inclusion, disability and culture. It challenges the globalized technical and reductionist approach of inclusion and argues that concepts of disability and inclusion are culturally constructed. Disability and inclusion are concepts which do not define a global agenda, in the sense that one size fits all. Rather they should be seen as being completely context dependent and that they should be deconstructed with respect to specific cultural contexts, with respects to society, ethics, religion and history. The main argument of the book is that many cultural backgrounds, including Egyptians, have their own long-standing beliefs and practices which do not define or address disability in the same way as western culture. Such cultural differences in understanding disability may lead to different understandings, conceptualizations and practices of inclusion. The book articulates disability and inclusion within a socio-ethical-religious discourse based on the Islamic underpinnings of equality and differences. This discourse enhances and supports the calls for considering inclusion and disability within a cultural model that takes into account the common values about disability in any given context which consequently will affect the way educational provision is provided in that context. Finally, the book challenges the ℓ́ℓpsychologicalℓ́ℓ concept of ℓ́ℓattitudeℓ́ℓ that has been represented in the literature simply as a matter of acceptance or rejection. Inclusion, Disability and Culture shows that ℓ́ℓattitudeℓ́ℓ is a complex and context-dependent issue that canℓ́ℓt be understood in isolation from the wider context within which such responses were created. Specifically, the role of the social views about disability, religious values, school cultures, educational system and structural and organizational constraints canℓ́ℓt be underestimated in understanding teachersℓ́ℓ attitudes towards a complex issue like inclusion.</subfield>
      </datafield>
      <datafield ind1=" " ind2=" " tag="596">
         <subfield code="a">3</subfield>
      </datafield>
      <datafield ind1=" " ind2="0" tag="650">
         <subfield code="a">Children with disabilities</subfield>
         <subfield code="x">Education.</subfield>
         <subfield code="0">http://id.loc.gov/authorities/subjects/sh85058692</subfield>
      </datafield>
      <datafield ind1=" " ind2="0" tag="650">
         <subfield code="a">Inclusive education.</subfield>
         <subfield code="0">http://id.loc.gov/authorities/subjects/sh96009825</subfield>
      </datafield>
      <datafield ind1=" " ind2="0" tag="650">
         <subfield code="a">Mainstreaming in education.</subfield>
         <subfield code="0">http://id.loc.gov/authorities/subjects/sh85079929</subfield>
      </datafield>
      <datafield ind1=" " ind2=" " tag="758">
         <subfield code="0">http://worldcat.org/entity/work/id/24047615</subfield>
      </datafield>
      <datafield ind1="0" ind2=" " tag="787">
         <subfield code="n">OCLC Work Id</subfield>
         <subfield code="o">http://worldcat.org/entity/work/id/24047615</subfield>
      </datafield>
      <datafield ind1="1" ind2=" " tag="800">
         <subfield code="a">Studies in inclusive education (Sense Publishers) ;</subfield>
         <subfield code="v">v. 28.</subfield>
      </datafield>
      <datafield ind1=" " ind2=" " tag="926">
         <subfield code="a">371.9046 HAS</subfield>
         <subfield code="w">DEWEY</subfield>
         <subfield code="c">1</subfield>
         <subfield code="i">33862001354525</subfield>
         <subfield code="d">1/6/2016</subfield>
         <subfield code="e">12/22/2015</subfield>
         <subfield code="l">ON_SHELF</subfield>
         <subfield code="m">NORQ_MAIN</subfield>
         <subfield code="n">1</subfield>
         <subfield code="p">$51.03</subfield>
         <subfield code="r">Y</subfield>
         <subfield code="s">Y</subfield>
         <subfield code="t">BOOK</subfield>
         <subfield code="u">1/30/2015</subfield>
      </datafield>
   </record>
</collection>
